<record><leader>00000cas a2200000 a 4500</leader><controlfield tag="001">1588546</controlfield><controlfield tag="008">750901d19321941nyuex n       0    0eng c</controlfield><datafield ind1=" " ind2=" " tag="010"><subfield code="a">   44016323 </subfield></datafield><datafield ind1=" " ind2=" " tag="040"><subfield code="a">MUL</subfield><subfield code="b">eng</subfield><subfield code="c">MUL</subfield><subfield code="d">OCL</subfield><subfield code="d">DLC</subfield><subfield code="d">OCLCQ</subfield><subfield code="d">UPM</subfield><subfield code="d">QE2</subfield><subfield code="d">SYB</subfield><subfield code="d">GBVCP</subfield><subfield code="d">UKMGB</subfield><subfield code="d">OCLCO</subfield><subfield code="d">CUV</subfield><subfield code="d">OCLCF</subfield><subfield code="d">OCLCO</subfield></datafield><datafield ind1=" " ind2=" " tag="015"><subfield code="a">014424975</subfield><subfield code="2">dnb</subfield></datafield><datafield ind1="7" ind2=" " tag="016"><subfield code="a">798808-4</subfield><subfield code="2">DE-600</subfield></datafield><datafield ind1="7" ind2=" " tag="016"><subfield code="a">011780993</subfield><subfield code="2">Uk</subfield></datafield><datafield ind1="7" ind2=" " tag="016"><subfield code="a">014424975</subfield><subfield code="2">de-101</subfield></datafield><datafield ind1="7" ind2=" " tag="016"><subfield code="a">7988084</subfield><subfield code="2">de-600</subfield></datafield><datafield ind1="1" ind2=" " tag="029"><subfield code="a">GBVCP</subfield><subfield code="b">130633119</subfield></datafield><datafield ind1=" " ind2=" " tag="042"><subfield code="a">pcc</subfield></datafield><datafield ind1=" " ind2=" " tag="043"><subfield code="a">n-us---</subfield></datafield><datafield ind1=" " ind2="4" tag="050"><subfield code="a">HX1</subfield><subfield code="b">.R562</subfield></datafield><datafield ind1=" " ind2="0" tag="082"><subfield code="a">335.405</subfield></datafield><datafield ind1="0" ind2="0" tag="245"><subfield code="a">Workers age.</subfield></datafield><datafield ind1=" " ind2=" " tag="260"><subfield code="a">New York, N.Y. : [Workers Age Pub. Assn.]</subfield></datafield><datafield ind1=" " ind2=" " tag="300"><subfield code="a">9 v. :</subfield><subfield code="b">ill. ;</subfield><subfield code="c">53 cm.</subfield></datafield><datafield ind1=" " ind2=" " tag="310"><subfield code="a">Biweekly (slightly irregular),</subfield><subfield code="b">Sept. 14, 1940-Jan. 25, 1941</subfield></datafield><datafield ind1=" " ind2=" " tag="321"><subfield code="a">Weekly,</subfield><subfield code="b">Jan. 23, 1932-Sept. 7, 1940</subfield></datafield><datafield ind1="1" ind2=" " tag="362"><subfield code="a">Began with v 1, no. 1 (Jan. 23, 1932); ceased with v. 9, no. 42 (Jan. 25, 1941).</subfield></datafield><datafield ind1=" " ind2=" " tag="530"><subfield code="a">Also available on microfilm and in a reprint ed.</subfield></datafield><datafield ind1=" " ind2=" " tag="550"><subfield code="a">Organ of the National Council of the Communist Party of the U.S.A. (Majority Group), 1932; of the National Council of the Communist Party of the U.S.A. (Opposition), 1932-1934; of the National Committee, Communist Party U.S.A. (Opposition), 1935-1937; of the National Council, Independent Communist Labor League of America, 1937-1938; of the National Council, Independent Labor League of America, 1938-1941.</subfield></datafield><datafield ind1=" " ind2=" " tag="588"><subfield code="a">Description based on: Vol. 4, no. 3 (Jan. 19, 1935) Special suppl.; title from caption.</subfield></datafield><datafield ind1=" " ind2=" " tag="588"><subfield code="a">Latest issue consulted: Vol. 9, no. 40 (Dec. 7, 1940).</subfield></datafield><datafield ind1=" " ind2="0" tag="650"><subfield code="a">Communism</subfield><subfield code="v">Periodicals.</subfield></datafield><datafield ind1=" " ind2="0" tag="650"><subfield code="a">Communism</subfield><subfield code="z">United States</subfield><subfield code="v">Periodicals.</subfield></datafield><datafield ind1=" " ind2="0" tag="650"><subfield code="a">Labor</subfield><subfield code="v">Periodicals.</subfield></datafield><datafield ind1=" " ind2="7" tag="655"><subfield code="a">Periodicals.</subfield><subfield code="2">fast</subfield><subfield code="0">(OCoLC)fst01411641</subfield></datafield><datafield ind1=" " ind2="7" tag="650"><subfield code="a">Communism.</subfield><subfield code="2">fast</subfield><subfield code="0">(OCoLC)fst00870421</subfield></datafield><datafield ind1=" " ind2="7" tag="650"><subfield code="a">Labor.</subfield><subfield code="2">fast</subfield><subfield code="0">(OCoLC)fst00989798</subfield></datafield><datafield ind1=" " ind2="7" tag="651"><subfield code="a">United States.</subfield><subfield code="2">fast</subfield><subfield code="0">(OCoLC)fst01204155</subfield></datafield><datafield ind1="2" ind2=" " tag="710"><subfield code="a">Communist Party of the U.S.A. (Majority Group).</subfield><subfield code="b">National Council.</subfield></datafield><datafield ind1="2" ind2=" " tag="710"><subfield code="a">Communist Party of the U.S.A. (Opposition).</subfield><subfield code="b">National Council.</subfield></datafield><datafield ind1="2" ind2=" " tag="710"><subfield code="a">Communist Party U.S.A. (Opposition).</subfield><subfield code="b">National Committee.</subfield></datafield><datafield ind1="2" ind2=" " tag="710"><subfield code="a">Independent Communist Labor League (U.S.).</subfield><subfield code="b">National Council.</subfield></datafield><datafield ind1="2" ind2=" " tag="710"><subfield code="a">Independent Labor League of America.</subfield><subfield code="b">National Council.</subfield></datafield><datafield ind1="2" ind2=" " tag="710"><subfield code="a">Communist Party of the United States of America.</subfield></datafield><datafield ind1="1" ind2=" " tag="775"><subfield code="c">Reprint</subfield><subfield code="w">(DLC)   70005987</subfield><subfield code="w">(OCoLC)5318324</subfield></datafield><datafield ind1="1" ind2=" " tag="776"><subfield code="t">Workers age</subfield><subfield code="w">(OCoLC)30367530</subfield></datafield><datafield ind1="0" ind2="0" tag="780"><subfield code="t">Revolutionary age (New York, N.Y.)</subfield><subfield code="w">(DLC)   78009070</subfield><subfield code="w">(OCoLC)4352807</subfield></datafield></record>